2217 3934
430 224 844 306 INDEX
900 224 1683 307 CANTI'CORU
1723 222 1840 310 M.'

296 464 647 612 AUdite
674 504 697 541 ,
716 464 849 527 coeli
881 510 903 541 ,
936 482 1067 547 quae
1082 460 1291 552 loquor
1314 512 1335 543 ‚
1517 491 1524 495 ·
1857 486 1973 550 134

468 545 794 607 Benedicite
811 591 831 621 ,
851 548 1045 607 omnia
1066 566 1251 629 opera
1275 547 1398 609 Diii
1415 595 1439 623 ,
1463 543 1608 611 Diio
1624 595 1650 623 ,
1901 568 1976 625 υ,

303 624 647 689 Benedistus
674 624 963 687 Dominus
984 623 1154 689 Deus
1179 627 1341 689 [srael
1365 674 1386 703 ,
1903 646 1972 706 ¹3

303 705 645 769 Benediaus
664 724 726 765 es
744 750 769 777 ‚
791 704 931 767 Dfie
944 704 1113 766 Deus
1134 725 1362 788 patrum
1382 706 1710 773 nostrorum
1727 752 1756 787 ,
1855 722 1973 785 441

302 785 583 848 cantabo
600 782 806 845 dile&
823 806 959 845 meo
978 788 1258 847 canticum
1283 832 1302 861 ,
1862 805 1979 869 320

306 864 635 928 Cantemus
654 862 917 925 Domino
930 909 954 937 ,
982 864 1228 948 gloriose
1250 868 1401 929 enim
1415 912 1441 940 ‚
1896 865 1970 924 61

304 943 550 1007 cibabit
574 943 733 1003 illum
753 943 921 1005 Deus
936 963 1084 1023 pane
1098 948 1235 1009 vitae
1259 992 1280 1021 ,
1471 985 1478 993 ·
1864 940 1978 1020 xxii

302 1023 589 1087 clamavi
602 1023 676 1083 de
697 1023 1053 1084 tribulatione
1076 1046 1210 1085 mea
1221 1024 1295 1085 ad
1319 1023 1648 1086 Dominum
1670 1066 1695 1099 ‚
1867 1041 1985 1107 327

290 1102 660 1165 -confitehor
677 1101 779 1163 tibi
799 1147 821 1176 ‚
848 1101 1105 1164 Domine
1128 1148 1147 1179 ,
1172 1107 1443 1186 quoniam
1457 1106 1630 1166 iratus
1645 1124 1709 1165 es
1729 1148 1756 1180 ,
1903 1119 1985 1185 97

309 1181 663 1245 Confitebor
680 1182 782 1243 tibi
807 1226 827 1256 ,
849 1180 1106 1244 Domine
1131 1204 1229 1244 rex
1251 1229 1272 1259 ,
1925 1183 1987 1241 iv

312 1262 581 1325 Domine
588 1294 624 1336 ψ,
646 1260 839 1325 audivi
858 1261 1209 1324 auditionem
1229 1280 1388 1325 tuam
1412 1307 1433 1338 ,
1457 1290 1464 1295 ·
1873 1281 1900 1321 1
1916 1258 1992 1319 16

314 1340 616 1405 Dominus
664 1357 795 1415 ⁸etta
815 1360 947 1401 mea
969 1386 989 1415 ‚
1012 1341 1077 1403 δι
1106 1342 1277 1403 robur
1295 1358 1534 1417 meum,‘
1871 1362 1900 1421 3
1917 1361 1940 1399 1
1957 1358 1985 1398 1

316 1420 471 1483 Ecce
492 1421 629 1482 vicit
696 1441 771 1481 eo
792 1418 867 1482 de
888 1421 1035 1482 tribu
1050 1421 1198 1483 Juda
1223 1463 1246 1497 ,
1813 1420 1824 1437 “
1873 1437 1994 1502 334

318 1498 453 1583 Ego
476 1498 550 1559 ad
579 1498 905 1561 Dominum
924 1500 1186 1583 aspiciam
1208 1547 1230 1577 ‚
1459 1568 1464 1575 ,
1863 1503 1997 1561 xcix

322 1578 618 1643 Exultavit
639 1600 740 1641 cor
762 1600 959 1651 meum
984 1584 1041 1641 in
1067 1579 1334 1641 Domino
1357 1596 1384 1657 ,·
1908 1598 1995 1654 4ο

326 1658 453 1722 Filii
476 1658 618 1719 Sion
644 1682 671 1734 ,·
685 1658 932 1720 exultate
978 1658 1044 1721 &
1067 1660 1334 1721 laetarnini
1359 1704 1382 1735 ,
1873 1654 2000 1735 476

320 1737 609 1799 Gaudetis
632 1738 895 1820 gaudebo
917 1742 975 1798 in
997 1736 1262 1801 Domino
1287 1786 1308 1815 ‚
1913 1734 1995 1819 ij

312 1816 615 1880 ‘Iustorum
636 1820 839 1877 anima
868 1819 927 1877 in
953 1840 1128 1879 manu
1157 1818 1274 1879 Dei
1294 1819 1468 1895 sunt,'
1955 1834 2000 1875 x

324 1894 584 1959 Laudate
610 1895 938 1957 Dominum
960 1895 1165 1959 Deum
1180 1897 1427 1960 nostrum
1449 1942 1474 1974 ,
1880 1892 2001 1973 {viij

322 1973 665 2058 Magnificat
690 1976 875 2037 anima
899 1997 1031 2039 mea
1059 2022 1079 2052 ,
1921 1992 2004 2054 30

322 2054 393 2117 N
395 2076 474 2115 on
491 2054 573 2115 est
593 2054 801 2138 species
824 2056 878 2117 ei
901 2074 1087 2138 neque
1119 2056 1295 2119 decor
1316 2102 1338 2131 ‚
1821 2134 1826 2137 Ι
1877 2051 2001 2113 268

324 2133 505 2195 Nunc
525 2134 761 2217 dimittis
779 2134 1004 2198 servum·
1028 2153 1188 2198 tuum
1210 2182 1231 2213 ,
1255 2135 1513 2199 Domine
1540 2145 1566 2211 ,'
1917 2151 2002 2271 ἔα.

328 2212 565 2277 Omnes
586 2216 686 2296 'qui
710 2230 906 2275 tenent
931 2214 1122 2295 legem
1144 2260 1165 2290 ,
1961 2230 2004 2270 0

332 2278 433 2353 Os
455 2292 616 2353 suum
634 2316 666 2352 a
710 2295 852 2353 eruit
870 2293 1151 2375 sapientiae
1174 2339 1195 2368 ,
1297 2298 1300 2303 ’
1861 2288 2000 2379 xlvij

332 2369 469 2431 Pars
490 2392 623 2431 mea
750 2376 933 2433 minus
959 2418 977 2446 ‚
1000 2373 1140 2433 dixit
1161 2374 1351 2433 anima
1364 2391 1496 2433 mea
1515 2416 1540 2448 ,
1839 2373 2002 2449 xxvij

332 2447 700 2512 Peccavimus
728 2496 749 2526 ,
768 2452 950 2533 impio
970 2454 1191 2536 egimus
1213 2498 1234 2528 ,
1885 2448 2004 2527 176

332 2526 547 2686 guhm
564 2529 776 2609 pulchri
804 2530 966 2611 super
984 2548 1210 2593 montes
1236 2578 1257 2607 ‚
1353 2562 1362 2567 ’
1883 2550 1912 2609 5
1932 2550 2004 2605 14

414 2611 471 2667 ui
491 2609 697 2669 timetis
718 2606 1047 2673 Dominum
1068 2655 1087 2686 ,
1108 2611 1319 2672 credite
1335 2609 1414 2670 illi
1435 2653 1457 2685 ‚
1820 2611 2004 2699 xxxiv·

341 2685 620 2755 Sacerdos
645 2707 883 2769 magnus
906 2691 963 2749 in
988 2690 1208 2751 ascensu
1235 2690 1418 2750 altaris
1441 2734 1462 2763 ,
1807 2744 1816 2751 ,
1898 2710 1938 2748 x

340 2762 657 2837 {finiebant
681 2810 704 2844 ,
734 2769 829 2851 qui
846 2768 920 2832 ab
944 2770 1280 2849 occidentei,
1305 2789 1521 2832 nomen
1537 2767 1787 2833 Domini
1805 2810 1830 2845 ,
1881 2708 2008 2847 43

669 2956 1378 3093 Ᾰ-,Ριὴιω
